<?xml version="1.0" encoding="utf-8"?>
<record xmlns="http://www.loc.gov/MARC21/slim" xmlns:xsi="http://www.w3.org/2001/XMLSchema-instance" xsi:schemaLocation="http://www.loc.gov/MARC21/slim http://www.loc.gov/standards/marcxml/schema/MARC21slim.xsd">
	<leader>     nam a22     Mi 4500</leader>
	<controlfield tag="001">b12325740</controlfield>
	<controlfield tag="003">UaCaAUL</controlfield>
	<controlfield tag="006">m        d        </controlfield>
	<controlfield tag="007">cr cn |||m|||a</controlfield>
	<controlfield tag="008">180301s1950    ua      ob    001 0 arard</controlfield>
	<datafield ind1=" " ind2=" " tag="040">
		<subfield code="a">ZYU</subfield>
		<subfield code="b">eng</subfield>
		<subfield code="e">rda</subfield>
		<subfield code="c">ZYU</subfield>
	</datafield>
	<datafield ind1=" " ind2="4" tag="050">
		<subfield code="a">BP195.B3</subfield>
		<subfield code="b">D39 1950</subfield>
	</datafield>
	<datafield ind1=" " ind2=" " tag="066">
		<subfield code="c">(3</subfield>
	</datafield>
	<datafield ind1=" " ind2=" " tag="090">
		<subfield code="a">BP195.B3</subfield>
		<subfield code="b">D3x 1950</subfield>
	</datafield>
	<datafield ind1="1" ind2=" " tag="100">
		<subfield code="6">880-01</subfield>
		<subfield code="a">Daylamī, Muḥammad ibn al-Ḥasan,</subfield>
		<subfield code="d">-1311 or 1312,</subfield>
		<subfield code="e">author.</subfield>
	</datafield>
	<datafield ind1="1" ind2="0" tag="245">
		<subfield code="6">880-02</subfield>
		<subfield code="a">Qawāʻid ʻaqāʼid Āl Muḥammad :</subfield>
		<subfield code="b">al-Bāṭinīyah /</subfield>
		<subfield code="c">lil-faqīh al-muʼarrikh Muḥammad ibn al-Ḥasan al-Daylamī al-Yamānī, min ʻulamāʼ awāʼil al-qarn al-thāmin al-hijrī ; ʻarrafa al-kitāb wa-qaddamahu lil-qurrāʼ mawlānā al-ʻallāmah al-muḥaqqiq al-kabīr , baqīyat al-salaf al-ṣāliḥ ṣāḥib al-faḍīlah al-shaykh Muḥammad Zāhid ibn al-Ḥasan al-Kawtharī, wakīl al-mashyakhah al-Islāmīyah fī al-khilāfah al-ʻUthmānīyah sābiqan ; rūjiʻa ʻalá aṣl lil-nuskhah al-waḥīdah al-maḥfūẓah fī maktabat mawlānā al-imām al-maghfūr la-hu Yaḥyá Ḥumayd al-Dīn al-Yamānī, al-malik al-shahīd ; ʻuniya bi-nashrihi wa-ṣaḥḥaḥahu wa-waḍaʻa fahārisahu al-Sayyid ʻIzzat al-ʻAṭṭār al-Ḥusaynī, muʼassis wa-mudīr Maktab Nashr al-Thaqāfah al-Islāmīyah min aqdam ʻuṣūrihā ilá al-ān.</subfield>
	</datafield>
	<datafield ind1=" " ind2="1" tag="264">
		<subfield code="a">[Place of publication not identified] :</subfield>
		<subfield code="b">[publisher not identified],</subfield>
		<subfield code="c">1369 H -1950 M.</subfield>
	</datafield>
	<datafield ind1=" " ind2="3" tag="264">
		<subfield code="6">880-03</subfield>
		<subfield code="a">al-Qāhirah :</subfield>
		<subfield code="b">Maṭbaʻat al-Saʻādah.</subfield>
	</datafield>
	<datafield ind1=" " ind2=" " tag="300">
		<subfield code="a">online resource (157, 2 pages)</subfield>
	</datafield>
	<datafield ind1=" " ind2=" " tag="336">
		<subfield code="a">text</subfield>
		<subfield code="2">rdacontent</subfield>
	</datafield>
	<datafield ind1=" " ind2=" " tag="337">
		<subfield code="a">computer</subfield>
		<subfield code="2">rdamedia</subfield>
	</datafield>
	<datafield ind1=" " ind2=" " tag="338">
		<subfield code="a">online resource</subfield>
		<subfield code="2">rdacarrier</subfield>
	</datafield>
	<datafield ind1="1" ind2=" " tag="490">
		<subfield code="6">880-04</subfield>
		<subfield code="a">Kutub nādirah ;</subfield>
		<subfield code="v">al-ʻadad 500.</subfield>
	</datafield>
	<datafield ind1=" " ind2=" " tag="500">
		<subfield code="a">Includes Errata page.</subfield>
	</datafield>
	<datafield ind1=" " ind2=" " tag="500">
		<subfield code="a">Part of the Arabic Collections Online (ACO) project, contributed by American University in Cairo Library.</subfield>
	</datafield>
	<datafield ind1=" " ind2=" " tag="504">
		<subfield code="a">Includes bibliographical references and indexes.</subfield>
	</datafield>
	<datafield ind1=" " ind2=" " tag="533">
		<subfield code="a">Electronic reproduction.</subfield>
		<subfield code="b">New York, N.Y. :</subfield>
		<subfield code="c">New York University,</subfield>
		<subfield code="d">2018.</subfield>
		<subfield code="5">NNU</subfield>
	</datafield>
	<datafield ind1=" " ind2="0" tag="650">
		<subfield code="a">Batinites.</subfield>
	</datafield>
	<datafield ind1=" " ind2="0" tag="650">
		<subfield code="a">Islamic sects.</subfield>
	</datafield>
	<datafield ind1=" " ind2="0" tag="650">
		<subfield code="a">Islam</subfield>
		<subfield code="x">Doctrines.</subfield>
	</datafield>
	<datafield ind1="1" ind2=" " tag="700">
		<subfield code="6">880-05</subfield>
		<subfield code="a">Kawtharī, Muḥammad Zāhid ibn al-Ḥasan.</subfield>
	</datafield>
	<datafield ind1="1" ind2=" " tag="700">
		<subfield code="6">880-06</subfield>
		<subfield code="a">Ḥusaynī, ʻIzzat al-ʻAṭṭār.</subfield>
	</datafield>
	<datafield ind1="2" ind2=" " tag="710">
		<subfield code="a">American University in Cairo.</subfield>
		<subfield code="b">Library.</subfield>
	</datafield>
	<datafield ind1="0" ind2=" " tag="730">
		<subfield code="a">Arabic Collections Online.</subfield>
	</datafield>
	<datafield ind1="0" ind2="8" tag="776">
		<subfield code="i">Print version:</subfield>
		<subfield code="a">Daylamī, Muḥammad ibn al-Ḥasan, -1311 or 1312, author.</subfield>
		<subfield code="t">Qawāʻid ʻaqāʼid Āl Muḥammad</subfield>
		<subfield code="w">(UaCaAUL)b12325740</subfield>
	</datafield>
	<datafield ind1=" " ind2="0" tag="830">
		<subfield code="6">880-07</subfield>
		<subfield code="a">Kutub nādirah ;</subfield>
		<subfield code="v">al-ʻadad 500.</subfield>
	</datafield>
	<datafield ind1="4" ind2="0" tag="856">
		<subfield code="u">http://hdl.handle.net/2333.1/tx95xcz0</subfield>
	</datafield>
	<datafield ind1="1" ind2="0" tag="880">
		<subfield code="6">245-02</subfield>
		<subfield code="a">قواعد عقائد آل محمد :‪</subfield>
		<subfield code="b">الباطنية /‪</subfield>
		<subfield code="c">للفقيه المؤرخ محمد بن الحسن الديلمي اليماني، من علماء أوائل القرن الثامن الهجري ؛ عرف الكتاب وقدمه للقراء مولانا العلامة المحقق الكبير ، بقية السلف الصالح صاحب الفضيلة الشيخ محمد زاهد بن الحسن الكوثري، وكيل المشيخة الإسلامية في الخلافة العثمانية سابقا ؛ روجع على أصل للنسخة الوحيدة المحفوظة في مكتبة مولانا الإمام المغفور له يحيى حميد الدين اليماني، الملك الشهيد ؛ عني بنشره وصححه ووضع فهارسه السيد عزت العطار الحسيني، مؤسس ومدير مكتب نشر الثقافة الإسلامية من أقدم عصورها إلى الآن..</subfield>
	</datafield>
	<datafield ind1="1" ind2=" " tag="880">
		<subfield code="6">100-01</subfield>
		<subfield code="a">ديلمي، محمد بن الحسن،‪</subfield>
		<subfield code="d">- 1311 أو 1312.</subfield>
	</datafield>
	<datafield ind1=" " ind2="3" tag="880">
		<subfield code="6">264-03</subfield>
		<subfield code="a">القاهرة :‪</subfield>
		<subfield code="b">مطبعة السعادة..</subfield>
	</datafield>
	<datafield ind1="1" ind2=" " tag="880">
		<subfield code="6">490-04</subfield>
		<subfield code="a">كتب نادرة ؛‪</subfield>
		<subfield code="v">العدد 500.</subfield>
	</datafield>
	<datafield ind1="1" ind2=" " tag="880">
		<subfield code="6">700-05</subfield>
		<subfield code="a">كوثري، محمد زاهد بن الحسن..</subfield>
	</datafield>
	<datafield ind1="1" ind2=" " tag="880">
		<subfield code="6">700-06</subfield>
		<subfield code="a">حسيني، عزت عطار..</subfield>
	</datafield>
	<datafield ind1=" " ind2="0" tag="880">
		<subfield code="6">830-07</subfield>
		<subfield code="a">كتب نادرة ؛‪</subfield>
		<subfield code="v">العدد 500.</subfield>
	</datafield>
	<datafield ind1=" " ind2=" " tag="902">
		<subfield code="a">171014</subfield>
	</datafield>
	<datafield ind1=" " ind2=" " tag="959">
		<subfield code="a">NNU</subfield>
		<subfield code="b">WEB</subfield>
		<subfield code="c">GENI</subfield>
		<subfield code="t">0</subfield>
		<subfield code="m">Electronic access</subfield>
		<subfield code="s">01</subfield>
	</datafield>
	<datafield ind1=" " ind2=" " tag="999">
		<subfield code="i">UaCaAUL_b12325740</subfield>
		<subfield code="s">auc_aco000327</subfield>
		<subfield code="e">(ERROR-880)</subfield>
	</datafield>
</record>
